<collection xmlns="http://www.loc.gov/MARC21/slim"><record><leader>00828nam  2200265   450</leader><controlfield tag="001">259</controlfield><controlfield tag="003">http://montalegre.opacnet.com/OPAC/default.aspx?ContentAreaControl=ShowRegHoldings.ascx&amp;RegNo=16662</controlfield><datafield tag="021" ind1=" " ind2=" "><subfield code="a">PT</subfield><subfield code="b">35866/90</subfield></datafield><datafield tag="095" ind1=" " ind2=" "><subfield code="a">PTBN00254173</subfield></datafield><datafield tag="100" ind1=" " ind2=" "><subfield code="a">20061013d1990    m  y0pory010305  ba</subfield></datafield><datafield tag="101" ind1="1" ind2=" "><subfield code="a">por</subfield><subfield code="c">eng</subfield></datafield><datafield tag="102" ind1=" " ind2=" "><subfield code="a">PT</subfield></datafield><datafield tag="105" ind1=" " ind2=" "><subfield code="a">y   z   001ay</subfield></datafield><datafield tag="106" ind1=" " ind2=" "><subfield code="a">r</subfield></datafield><datafield tag="200" ind1="1" ind2=" "><subfield code="a">&lt;Um &gt;cérebro de um bilião de dólares</subfield><subfield code="f">Len Deighton</subfield><subfield code="g">trad. Ana Falcão Bastos</subfield></datafield><datafield tag="205" ind1=" " ind2=" "><subfield code="a">1ª ed</subfield></datafield><datafield tag="210" ind1=" " ind2=" "><subfield code="a">Lisboa</subfield><subfield code="c">Gradiva</subfield><subfield code="d">1990</subfield></datafield><datafield tag="215" ind1=" " ind2=" "><subfield code="a">359 p.</subfield><subfield code="d">21 cm</subfield></datafield><datafield tag="225" ind1="2" ind2=" "><subfield code="a">Não incomode</subfield><subfield code="v">26</subfield></datafield><datafield tag="304" ind1=" " ind2=" "><subfield code="a">Tít. orig. : Billion-dollar brain</subfield></datafield><datafield tag="675" ind1=" " ind2=" "><subfield code="a">82-312.4</subfield><subfield code="v">BN</subfield><subfield code="z">por</subfield></datafield><datafield tag="700" ind1=" " ind2="1"><subfield code="a">Deighton</subfield><subfield code="b">Len</subfield><subfield code="f">1929</subfield></datafield><datafield tag="702" ind1=" " ind2="1"><subfield code="a">Bastos</subfield><subfield code="b">Ana Falcão</subfield><subfield code="4">730</subfield></datafield><datafield tag="801" ind1=" " ind2="0"><subfield code="a">PT</subfield><subfield code="b">Biblioteca Municipal de Montalegre</subfield><subfield code="g">RPC</subfield></datafield><datafield tag="856" ind1=" " ind2=" "><subfield code="u">locateMedia.asp?cod=20060510165822&amp;ext=jpg</subfield><subfield code="z">CAPA</subfield></datafield><datafield tag="909" ind1="&#9;" ind2=" "><subfield code="a">1</subfield></datafield><datafield tag="966" ind1=" " ind2=" "><subfield code="a">0008522</subfield><subfield code="l">BMM</subfield><subfield code="s">SCG 82-312.4 DEI cér 26</subfield></datafield></record></collection>